<?xml version="1.0" encoding="UTF-8"?>
<record xmlns="http://www.loc.gov/MARC21/slim" xmlns:xsi="http://www.w3.org/2001/XMLSchema-instance" xsi:schemaLocation="http://www.loc.gov/MARC21/slim http://www.loc.gov/standards/marcxml/schema/MARC21slim.xsd">
<leader>     nam a22002417a 4500</leader>
<controlfield tag="001">001682256</controlfield>
<controlfield tag="003">NNU</controlfield>
<controlfield tag="005">19961104174532.1</controlfield>
<controlfield tag="008">961101s1968    iq            000 0 ara</controlfield>
<datafield tag="010" ind1=" " ind2=" ">
<subfield code="a">79272897</subfield>
</datafield>
<datafield tag="035" ind1="9" ind2=" ">
<subfield code="a">NYUb12225666</subfield>
</datafield>
<datafield tag="035" ind1=" " ind2=" ">
<subfield code="a">(MH)MHBIZ84751HU</subfield>
</datafield>
<datafield tag="035" ind1=" " ind2=" ">
<subfield code="a">(CStRLIN)MAHGBIZ84751-B</subfield>
</datafield>
<datafield tag="040" ind1=" " ind2=" ">
<subfield code="d">CStRLIN</subfield>
</datafield>
<datafield tag="110" ind1="1" ind2=" ">
<subfield code="a">Baghdad (Iraq).</subfield>
<subfield code="b">Maʻhad al-Dirāsāt al-Islāmīyah al-ʻUlyā.</subfield>
</datafield>
<datafield tag="245" ind1="1" ind2="3">
<subfield code="a">al-Makhṭūṭāt al-ʻArabīyah fī maʻhad al-dirāsāt al-Islāmīyah al-ʻulyā.</subfield>
</datafield>
<datafield tag="260" ind1=" " ind2=" ">
<subfield code="a">[Baghdād? :</subfield>
<subfield code="b">al-Muqaddimah,</subfield>
<subfield code="c">1968]</subfield>
</datafield>
<datafield tag="300" ind1=" " ind2=" ">
<subfield code="a">41, 129 p. ;</subfield>
<subfield code="c">31 cm.</subfield>
</datafield>
<datafield tag="505" ind1="0" ind2=" ">
<subfield code="a">Majmūʻat Kūrkīs ʻAwwād--Majmūʻat Mīkhāʼīl ʻAwwād--Majmūʻat Yūsuf Maskūnī--Majmūʻat Ḥusayn Maḥfūẓ.</subfield>
</datafield>
<datafield tag="590" ind1=" " ind2=" ">
<subfield code="a">L.C. copy imperfect: p. 7-8, 99-100 wanting; p. 104 blank.</subfield>
</datafield>
<datafield tag="650" ind1=" " ind2="0">
<subfield code="a">Manuscripts, Arabic</subfield>
<subfield code="z">Iraq</subfield>
<subfield code="z">Baghdad</subfield>
<subfield code="v">Catalogs.</subfield>
</datafield>
<datafield tag="OWN" ind1=" " ind2=" ">
<subfield code="a">GENERAL</subfield>
</datafield>
<datafield tag="950" ind1=" " ind2=" ">
<subfield code="l">BMAIN</subfield>
<subfield code="a">Z6621</subfield>
<subfield code="b">.M2525</subfield>
<subfield code="d">\Oversize\</subfield>
</datafield>
<datafield tag="955" ind1=" " ind2=" ">
<subfield code="l">BMAIN</subfield>
<subfield code="c">1</subfield>
<subfield code="r">029150516</subfield>
</datafield>
<datafield tag="998" ind1=" " ind2=" ">
<subfield code="s">9555</subfield>
</datafield>
<datafield tag="AVA" ind1=" " ind2=" ">
<subfield code="a">NYU50</subfield>
<subfield code="b">BOBST</subfield>
<subfield code="c">Main Collection</subfield>
<subfield code="d">Z6621 .M2525 Oversize</subfield>
<subfield code="e">unavailable</subfield>
<subfield code="t">Unavailable</subfield>
<subfield code="f">1</subfield>
<subfield code="g">1</subfield>
<subfield code="h">N</subfield>
<subfield code="i">0</subfield>
<subfield code="j">MAIN</subfield>
<subfield code="k">0</subfield>
</datafield>
</record>
